<?xml version="1.0" encoding="UTF-8"?><collection xmlns="http://www.loc.gov/MARC21/slim"><record><leader>00522nam--2200181-i-4500</leader><controlfield tag="001">000036413</controlfield><controlfield tag="002">20161230</controlfield><controlfield tag="005">20161230201040</controlfield><controlfield tag="008">060222s1000------------r-----000-0-eng-d</controlfield><datafield ind1=" " ind2=" " tag="040"><subfield code="a">IFIN-HH</subfield></datafield><datafield ind1=" " ind2=" " tag="080"><subfield code="a">538.3</subfield></datafield><datafield ind1="1" ind2=" " tag="100"><subfield code="a">Post, E.J</subfield></datafield><datafield ind1="1" ind2="0" tag="245"><subfield code="a">Formal structure of electromagnetics</subfield><subfield code="b">General covariance and electromagnetics</subfield><subfield code="c">E.j. post</subfield></datafield><datafield ind1=" " ind2=" " tag="260"><subfield code="a">Amsterdam</subfield><subfield code="b">North-holland Publishing Company</subfield><subfield code="c">1962</subfield></datafield><datafield ind1=" " ind2=" " tag="300"><subfield code="a">XIV + 204P</subfield></datafield><datafield ind1=" " ind2=" " tag="490"><subfield code="a">Series In Physics</subfield></datafield><datafield ind1=" " ind2=" " tag="852"><subfield code="a">18316</subfield><subfield code="c">537:538</subfield></datafield><datafield ind1=" " ind2=" " tag="CAT"><subfield code="a">Sys</subfield><subfield code="c">20110610</subfield><subfield code="h">121902</subfield></datafield></record></collection>